@article{rostami2018improved,
  title={An improved moist-convective rotating shallow-water model and its application to instabilities of hurricane-like vortices},
  author={Rostami, M. and Zeitlin, V.},
  journal={Q. J. Roy. Met. Soc.},
  volume={144},
  number={714},
  pages={1450--1462},
  year={2018}
}

@TechReport{petsc-user-ref,
  author        = {S. Balay and Shrirang Abhyankar and Mark~F. Adams and Steven Benson and Jed
                  Brown and Peter Brune and Kris Buschelman and Emil Constantinescu and Lisandro
                  Dalcin and Alp Dener and Victor Eijkhout and Jacob Faibussowitsch and William~D.
                  Gropp and V\'{a}clav Hapla and Tobin Isaac and Pierre Jolivet and Dmitry Karpeev
                  and Dinesh Kaushik and Matthew~G. Knepley and Fande Kong and Scott Kruger and
                  Dave~A. May and Lois Curfman McInnes and Richard Tran Mills and Lawrence Mitchell
                  and Todd Munson and Jose~E. Roman and Karl Rupp and Patrick Sanan and Jason Sarich
                  and Barry~F. Smith and Stefano Zampini and Hong Zhang and Hong Zhang and Junchao
                  Zhang},
  title         = {{PETSc/TAO} Users Manual},
  institution   = {Argonne National Laboratory},
  number        = {ANL-21/39 - Revision 3.21},
  doi           = {10.2172/2205494},
  year          = {2024}
}

@manual{FiredrakeUserManual,
  title        = {Firedrake User Manual},
  author       = {Ham, D.~A. and Paul H. J. Kelly and Lawrence Mitchell and Colin J. Cotter and Robert C. Kirby and Koki Sagiyama and Nacime Bouziani and Sophia Vorderwuelbecke and Thomas J. Gregory and Jack Betteridge and Daniel R. Shapero and Reuben W. Nixon-Hill and Connor J. Ward and Patrick E. Farrell and Pablo D. Brubeck and India Marsden and Thomas H. Gibson and Mikl√≥s Homolya and Tianjiao Sun and Andrew T. T. McRae and Fabio Luporini and Alastair Gregory and Michael Lange and Simon W. Funke and Florian Rathgeber and Gheorghe-Teodor Bercea and Graham R. Markall},
  edition      = {First edition},
  year         = {2023},
  month        = {5},
  doi          = {10.25561/104839},
}

@article{zerroukat2015moist,
  title={A moist Boussinesq shallow water equations set for testing atmospheric models},
  author={Zerroukat, M. and Allen, T.},
  journal={J. Comp. Phys.},
  volume={290},
  pages={55--72},
  year={2015}
}

@article{kirby2024extending,
  title={Extending Irksome: improvements in automated Runge--Kutta time stepping for finite element methods},
  author={Kirby, R.~C. and MacLachlan, S.~P.},
  journal={arXiv preprint arXiv:2403.08084},
  year={2024}
}

@book{bueler2020petsc,
  title={PETSc For partial differential equations: Numerical solutions in C and Python},
  author={Bueler, E.},
  year={2020},
  publisher={SIAM}
}

@article{cotter2023compatible,
  title={A compatible finite element discretisation for the nonhydrostatic vertical slice equations},
  author={Cotter, C.~J. and Shipton, J.},
  journal={Int. J. Geomath.},
  volume={14},
  number={1},
  pages={25},
  year={2023},
  publisher={Springer}
}